@FOOTNOTE{Note1,key="Note1",note="\begingroup \begingroup \edef ~{~}\xdef section*.9{https:///github.com/healthycheekums/KESP/tree/master/project1}\endgroup \let section*.9\let \##\let \%%\unhbox \voidb@x \pdfstartlink attr{/Border[0 0 0]/H/I/C[0 1 1]}user{/Subtype/Link/A<</Type/Action/S/URI/URI()>>}\relax \begingroup \let \reserved@d =[\def \def \global \advance \c@footnote \@ne \relax \begingroup \let \@elt \global \c@ \csname\endcsname\z@ cl@footnote\endcsname \endgroup \let \@@protect \protect \let \protect \@unexpandable@protect \afterassignment \let \protect \@@protect \xdef Note1{Note1}\cite {Note1}\let Note1Note1\begingroup \let \label \relax \let \index \relax \let \glossary \relax \let \cite \relax \let \ref \relax \let \pageref \relax \let \( \relax \let \) \relax \let \\ \relax \let ~\relax \let \protect \@unexpandable@protect \newlinechar `\ \let \begin \relax \let \end \relax \immediate \write \@bibdataout {@FOOTNOTE{Note1,key="Note1",note="\par }}\endgroup \futurelet \@let@token \let \global \advance \c@footnote \@ne \relax \begingroup \let \@elt \global \c@ \csname\endcsname\z@ cl@footnote\endcsname \endgroup \let \@@protect \protect \let \protect \@unexpandable@protect \afterassignment \let \protect \@@protect \xdef Note1{Note1}\cite {Note1}\let Note1Note1\begingroup \let \label \relax \let \index \relax \let \glossary \relax \let \cite \relax \let \ref \relax \let \pageref \relax \let \( \relax \let \) \relax \let \\ \relax \let ~\relax \let \protect \@unexpandable@protect \newlinechar `\ \let \begin \relax \let \end \relax \immediate \write \@bibdataout {@FOOTNOTE{Note1,key="Note1",note="\global \advance \c@footnote \@ne \relax \begingroup \let \@elt \global \c@ \csname\endcsname\z@ cl@footnote\endcsname \endgroup \let \@@protect \protect \let \protect \@unexpandable@protect \afterassignment \let \protect \@@protect \xdef Note1{Note1}\cite {Note1}\let Note1Note1\begingroup \let \label \relax \let \index \relax \let \glossary \relax \let \cite \relax \let \ref \relax \let \pageref \relax \let \( \relax \let \) \relax \let \\ \relax \let ~\relax \let \protect \@unexpandable@protect \newlinechar `\ \let \begin \relax \let \end \relax \immediate \write \@bibdataout {@FOOTNOTE{Note1,key="Note1",note="""}}\endgroup }}\endgroup \global \advance \c@footnote \@ne \relax \begingroup \let \@elt \global \c@ \csname\endcsname\z@ cl@footnote\endcsname \endgroup \let \@@protect \protect \let \protect \@unexpandable@protect \afterassignment \let \protect \@@protect \xdef Note1{Note1}\cite {Note1}\let Note1Note1\begingroup \let \label \relax \let \index \relax \let \glossary \relax \let \cite \relax \let \ref \relax \let \pageref \relax \let \( \relax \let \) \relax \let \\ \relax \let ~\relax \let \protect \@unexpandable@protect \newlinechar `\ \let \begin \relax \let \end \relax \immediate \write \@bibdataout {@FOOTNOTE{Note1,key="Note1",note="b"}}\endgroup lue\begingroup \begingroup \let \relax \relax \relax \endgroup \protect \Url {https:///github.com/healthycheekums/KESP/tree/master/project1}\endgroup \pdfendlink \endgroup "}
@CONTROL{REVTEX41Control}
@CONTROL{apsrev41Control,author="08",editor="1",pages="0",title="",year="1"}
